
@MISC{tikz,
  author       = {Till Tantau},
  title        = {{\Tikz{} and \PGF{} manual}},
  howpublished = {\url{http://sourceforge.net/projects/pgf}},
  note         = {$v.\ge 2.00$},
}


@MISC{xcolor,
  author       = {Uwe Kern},
  title        = {{Extending \LaTeX's color facilities: the \texttt{xcolor} package}},
}

@MISC{acrotex,
  author       = {D. P. Story},
  title        = {{The Acro\TeX{} eDucation Bundle}},
  howpublished = {\url{http://www.ctan.org/pkg/acrotex}},
  note         = {Sub packages |insdljs| and |eforms| are required for the clickable library.},
}

@MISC{phptojs,
  author       = {Kevin van Zonneveld},
  title        = {{PhP to JavaScript conversion project (GPL)}},
  howpublished = {\url{http://kevin.vanzonneveld.net/techblog/article/phpjs_licensing}},
}

@BOOK{texbook,
  author       = {D. Knuth},
  title        = {Computers \& Typesetting},
  publisher    = {Addison Wesley},
  year         = {2000},
}

@BOOK{schwartz,
  author       = {N.~Schwartz},
  title        = {{Einf\"uhrung in \TeX{} (german!)}},
  publisher    = {Addison Wesley},
  year         = {1991},
  note         = {Also available online at
                  \url{http://www.ruhr-uni-bochum.de/www-rz/schwanbs/TeX/} as
                  \href{http://www.ruhr-uni-bochum.de/www-rz/schwanbs/TeX/einfuehrung-in-tex.pdf}{\texttt{.pdf}}},
}

@MISC{keyvalintro,
  author       = {J.~Wright and C.~Feuers\"anger},
  title        = {Implementing keyval input: an introduction},
  howpublished = {{\url{http://pgfplots.sourceforge.net} as
                  \href{http://www.morningstar2.demon.co.uk/papers/keyval.pdf}{\texttt{.pdf}}}},
  year         = {2008},
}

@MISC{pgfplots,
  author       = {C.~Feuers\"anger},
  title        = {{\PGFPlots{} manual}},
  year         = {{\today}},
}

@MISC{pgfplotstable,
  author       = {C.~Feuers\"anger},
  title        = {{\PGFPlotstable{} package -- Loading, rounding and formatting tables in \LaTeX{}}},
  howpublished = {{Available as separate package
                   \texttt{\textbackslash usepackage\{\href{file:pgfplotstable.pdf}{pgfplotstable}\}}}, as part of \PGFPlots{}},
    year    =    {\today}
}

@MISC{programmingnotes,
  author       = {C.~Feuers\"anger},
  title        = {{Programming in \TeX{} and Library Functions from \pgfname{} and \PGFPlots{}}},
  howpublished = {Available as part of \PGFPlots{}, \href{file:TeX-programming-notes.pdf}{TeX-programming-notes.pdf}},
  year         = {\today},
}

@MISC{lena,
  author       = {Signal and Image Processing Institute},
  title        = {{``Lena'' or ``Lenna''}},
  howpublished = {\url{http://sipi.usc.edu/database/database.php?volume=misc&image=12}},
}

@MISC{LiveAccessServer,
  author       = {NavaL Oceanographic Office},
  title        = {Live Access to the National Virtual Ocean Data System (NVODS),
                  Bathymetry/Topography 5min resolution},
  howpublished = {\url{http://ferret.pmel.noaa.gov/NVODS/UI.vm}},
  year         = {2016},
}
